@Manual{labest,
    title = {labestData: Biblioteca de Dados para Ensino de Estatística},
    author = {PET Estatística UFPR},
    year = {2016},
    note = {R package version 0.0-17.458},
    url = {http://gitlab.c3sl.ufpr.br/pet-estatistica/labestData, https://github.com/pet-estatistica/labestData},
  }

@ONLINE{lattice,
author = {Deepayan Sarkar},
title = {lattice: Trellis Graphics for R},
month = Março,
year = {2017},
url = {https://cran.r-project.org/web/packages/lattice/index.html}
}

@Manual{expdes,
    title = {ExpDes.pt: Pacote Experimental Designs (Portuguese)},
    author = {Eric Batista Ferreira and Portya Piscitelli Cavalcanti and Denismar Alves Nogueira},
    year = {2018},
    note = {R package version 1.2.0},
    url = {https://CRAN.R-project.org/package=ExpDes.pt},
  }

@article{birnbaum1969new,
  title={A new family of life distributions},
  author={Birnbaum, ZW and Saunders, Sam C},
  journal={Journal of applied probability},
  pages={319--327},
  year={1969},
  publisher={JSTOR}
}

@phdthesis{dos2010estimaccao,
  title={Estima{\c{c}}{\~a}o e modelagem com a distribui{\c{c}}{\~a}o Birnbaum-Saunders: uma nova reparametriza{\c{c}}{\~a}o},
  author={dos Santos Neto, Manoel Ferreira},
  year={2010},
  school={Universidade Federal de Pernambuco}
}

@article{barros2009r,
  title={An R implementation for generalized Birnbaum--Saunders distributions},
  author={BARROS, Michelli and PAULA, Gilberto A. and  LEIVA, V\´ictor},
  journal={Computational Statistics \& Data Analysis},
  volume={53},
  number={4},
  pages={1511--1528},
  year={2009},
  publisher={Elsevier}
}

@phdthesis{SanchezBenites,
  title={Modelos Birnbaum-Saunders bivariados},
  author={S\´anchez, Luis Enrique Benites },
  year={2014},
  school={Unicamp}
}

@phdthesis{Romeiro2014,
  title={Modelo de Regress\~ao Birnbaum-Saunders Bivariado},
  author={Romeiro, Renata Guimar\~aes  },
  year={2014},
  school={Unicamp}
}

@article{tweedie1957statistical,
  title={Statistical Properties of Inverse Gaussian Distributions. I.},
  author={Tweedie, Maurice CK},
  journal={The Annals of Mathematical Statistics},
  pages={362--377},
  year={1957},
  publisher={JSTOR}
}

@article{ferrari2004beta,
  title={Beta regression for modelling rates and proportions},
  author={Ferrari, Silvia and Cribari-Neto, Francisco},
  journal={Journal of Applied Statistics},
  volume={31},
  number={7},
  pages={799--815},
  year={2004},
  publisher={Taylor \& Francis}
}